@Article{Thakoor:2007,
  author={N. {Thakoor} and J. {Gao} and S. {Jung}},
  journal={IEEE Transactions on Image Processing}, 
  title={Hidden Markov Model-Based Weighted Likelihood Discriminant for 2-D Shape Classification}, 
  year={2007},
  volume={16},
  number={11},
  pages={2707-2719},
}

@Inproceedings{Thakoor:2005-July,
  author={N. {Thakoor} and  {Sungyong Jung} and J. {Gao}},
  booktitle={2005 IEEE International Conference on Multimedia and Expo}, 
  title={Hidden Markov Model Based Weighted Likelihood Discriminant for Minimum Error Shape Classification}, 
  year={2005},
  volume={},
  number={},
  pages={342-345},
}

@Inproceedings{Thakoor:2005-Oct,
  author={N. {Thakoor} and J. {Gao}},
  booktitle={Tenth IEEE International Conference on Computer Vision (ICCV'05) Volume 1}, 
  title={Shape classifier based on generalized probabilistic descent method with hidden Markov descriptor}, 
  year={2005},
  volume={1},
  number={},
  pages={495-502 Vol. 1},
}
 
@Inproceedings{Thakoor:2005-Sept,
  author={N. {Thakoor} and J. {Gao}},
  booktitle={IEEE International Conference on Image Processing 2005}, 
  title={Automatic video object shape extraction and its classification with camera in motion}, 
  year={2005},
  volume={3},
  number={},
  pages={III-437},
}